%% Her angives kilder som benyttes igennem rapporten
%
% Referencetyper og felter: https://en.wikibooks.org/wiki/LaTeX/Bibliography_Management#BibTeX
% Biblatex Cheat sheet: http://tug.ctan.org/info/biblatex-cheatsheet/biblatex-cheatsheet.pdf

@BOOKLET{Madsen2010,
  author = {Lars Madsen},
  title = {Introduktion til {LaTeX}},
  year = {2010},
  howpublished = {\url{http://www.imf.au.dk/system/latex/bog/}}
 }
 
@MISC{Oetiker2010,
  author = {Tobias Oetiker},
  title = {The Not So Short A Introduction to {LaTeX2e}},
  year = {2010},
  howpublished = {\url{http://tobi.oetiker.ch/lshort/lshort.pdf}}
 }
 
@BOOK{Mittelbach2005,
  author = {Frank Mittelbach},
  edition = {2. ed.},
  publisher = {Addison-Wesley},
  title = {The LATEX companion},
  year = 2005
}

@ONLINE{piZeroSpecs,
    author  = {Lucy Hattersley},
    title   = {Raspberry Pi 4, 3A+, Zero W - specs, benchmarks \& thermal tests},
    month   = {11},
    year    = {2018},
    url     = {https://magpi.raspberrypi.com/articles/raspberry-pi-specs-benchmarks},
    urldate = {2022-10-21} % adds to bibiography: '(visited on 2022-10-21).'
}    